@inproceedings{Balling2003,
title={The maximin fitness function; multi-objective city and regional planning},
author={Balling, Richard},
booktitle={International Conference on Evolutionary Multi-Criterion Optimization},
pages={1--15},
year={2003},
organization={Springer},
doi = {10.1007/3-540-36970-8_1},
publisher = {Springer, Berlin, Heidelberg},
url = {http://link.springer.com/10.1007/3-540-36970-8{\_}1}
}
@book{Beard,
title={Small unmanned aircraft: Theory and practice},
author={Beard, Randal W and McLain, Timothy W},
year={2012},
publisher={Princeton university press},
isbn = {9780691149219},
pages = {300},
url = {https://press.princeton.edu/titles/9632.html}
}
@article{Bircher2016,
title={Three-dimensional coverage path planning via viewpoint resampling and tour optimization for aerial robots},
author={Bircher, Andreas and Kamel, Mina and Alexis, Kostas and Burri, Michael and Oettershagen, Philipp and Omari, Sammy and Mantel, Thomas and Siegwart, Roland},
journal={Autonomous Robots},
volume={40},
number={6},
pages={1059--1078},
year={2016},
publisher={Springer},
doi = {10.1007/s10514-015-9517-1},
url = {https://link.springer.com/content/pdf/10.1007{\%}2Fs10514-015-9517-1.pdf}
}
@inproceedings{Bryson2007,
title={Co-operative localisation and mapping for multiple UAVs in unknown environments},
author={Bryson, Mitch and Sukkarieh, Salah},
booktitle={2007 IEEE Aerospace Conference},
pages={1--12},
year={2007},
organization={IEEE},
doi = {10.1109/AERO.2007.352850},
isbn = {1-4244-0524-6},
url = {http://ieeexplore.ieee.org/document/4161346/}
}
@article{Castillo2006,
title={Multiple objective genetic algorithms for path-planning optimization in autonomous mobile robots},
author={Castillo, Oscar and Trujillo, Leonardo and Melin, Patricia},
journal={Soft Computing},
volume={11},
number={3},
pages={269--279},
year={2007},
doi = {10.1007/s00500-006-0068-4},
issn = {1432-7643},
publisher = {Springer-Verlag},
url = {http://link.springer.com/10.1007/s00500-006-0068-4}
}
@article{Choset2001,
title={Coverage for robotics--A survey of recent results},
author={Choset, Howie},
journal={Annals of mathematics and artificial intelligence},
volume={31},
number={1-4},
pages={113--126},
year={2001},
publisher={Springer},
url = {https://link.springer.com/content/pdf/10.1023{\%}2FA{\%}3A1016639210559.pdf},
}
@article{Ellekilde2007,
title={Dense 3D map construction for indoor search and rescue},
author={Ellekilde, Lars-Peter and Huang, Shoudong and Valls Mir{\'o}, Jaime and Dissanayake, Gamini},
journal={Journal of Field Robotics},
volume={24},
number={1-2},
pages={71--89},
year={2007},
publisher={Wiley Online Library},
url = {http://doi.wiley.com/10.1002/rob.20173}
}
@book{Gen2000,
author = {Gen, Mitsuo and Cheng, Runwei.},
isbn = {9780471315315},
pages = {495},
publisher = {Wiley},
title = {{Genetic Algorithms and Engineering Optimization}},
url = {https://www.wiley.com/en-us/Genetic+Algorithms+and+Engineering+Optimization-p-9780471315315},
year = {2000}
}
@article{Hameed2014,
title={Intelligent coverage path planning for agricultural robots and autonomous machines on three-dimensional terrain},
author={Hameed, Ibrahim A},
journal={Journal of Intelligent \& Robotic Systems},
volume={74},
number={3-4},
pages={965--983},
year={2014},
doi = {10.1007/s10846-013-9834-6},
issn = {0921-0296},
publisher = {Springer Netherlands},
url = {http://link.springer.com/10.1007/s10846-013-9834-6}
}
@article{Henry2010,
title={RGB-D mapping: Using Kinect-style depth cameras for dense 3D modeling of indoor environments},
author={Henry, Peter and Krainin, Michael and Herbst, Evan and Ren, Xiaofeng and Fox, Dieter},
journal={The International Journal of Robotics Research},
volume={31},
number={5},
pages={647--663},
year={2012},
publisher={SAGE Publications Sage UK: London, England},
doi = {10.1177/0278364911434148},
url = {http://journals.sagepub.com/doi/pdf/10.1177/0278364911434148}
}
@article{Hornung2013,
title={OctoMap: An efficient probabilistic 3D mapping framework based on octrees},
author={Hornung, Armin and Wurm, Kai M and Bennewitz, Maren and Stachniss, Cyrill and Burgard, Wolfram},
journal={Autonomous robots},
volume={34},
number={3},
pages={189--206},
year={2013},
publisher={Springer},
doi = {10.1007/s10514-012-9321-0},
issn = {0929-5593},
url = {http://link.springer.com/10.1007/s10514-012-9321-0},
}
@inproceedings{Jackson2016,
title={Cushioned extended-periphery avoidance: A reactive obstacle avoidance plugin},
author={Jackson, James and Wheeler, David and McLain, Tim},
booktitle={2016 International Conference on Unmanned Aircraft Systems (ICUAS)},
pages={399--405},
year={2016},
organization={IEEE},
doi = {10.1109/ICUAS.2016.7502597},
isbn = {978-1-4673-9334-8},
url = {http://ieeexplore.ieee.org/document/7502597/}
}
@inproceedings{Jackson2016a,
title={ROSflight: A lightweight, inexpensive MAV research and development tool},
author={Jackson, James and Ellingson, Gary and McLain, Tim},
booktitle={2016 International Conference on Unmanned Aircraft Systems (ICUAS)},
pages={758--762},
year={2016},
organization={IEEE},
doi = {10.1109/ICUAS.2016.7502584},
isbn = {978-1-4673-9334-8},
url = {http://ieeexplore.ieee.org/document/7502584/}
}
@article{Karaman2011,
title={Sampling-based algorithms for optimal motion planning},
author={Karaman, Sertac and Frazzoli, Emilio},
journal={The international journal of robotics research},
volume={30},
number={7},
pages={846--894},
year={2011},
publisher={Sage Publications Sage UK: London, England},
doi = {10.1177/0278364911406761},
issn = {0278-3649},
url = {http://journals.sagepub.com/doi/10.1177/0278364911406761}
}
@article{Koch2017,
title={Relative multiplicative extended Kalman filter for observable GPS-denied navigation},
author={Koch, Daniel P and Wheeler, David O and Beard, Randal and McLain, Tim and Brink, Kevin M},
year={2017},
publisher = {All Faculty Publications},
url = {https://scholarsarchive.byu.edu/facpubhttps://scholarsarchive.byu.edu/facpub/1963}
}
@inproceedings{Labbe2011a,
title={Memory management for real-time appearance-based loop closure detection},
author={Labb{\'e}, Mathieu and Michaud, Fran{\c{c}}ois},
booktitle={2011 IEEE/RSJ International Conference on Intelligent Robots and Systems},
pages={1271--1276},
year={2011},
organization={IEEE},
doi = {10.1109/IROS.2011.6094602},
isbn = {978-1-61284-456-5},
url = {http://ieeexplore.ieee.org/document/6094602/}
}
@article{Labbe2013,
title={Appearance-based loop closure detection for online large-scale and long-term operation},
author={Labb{\'e}, Mathieu and Michaud, Fran{\c{c}}ois},
journal={IEEE Transactions on Robotics},
volume={29},
number={3},
pages={734--745},
year={2013},
publisher={IEEE}
doi = {10.1109/TRO.2013.2242375},
isbn = {978-1-61284-455-8},
issn = {15523098},
pmid = {6459608},
url = {https://introlab.3it.usherbrooke.ca/mediawiki-introlab/images/b/bc/TRO2013.pdf}
}
@article{Labbe2019,
title={RTAB-Map as an open-source lidar and visual simultaneous localization and mapping library for large-scale and long-term online operation},
author={Labb{\'e}, Mathieu and Michaud, Fran{\c{c}}ois},
journal={Journal of Field Robotics},
volume={36},
number={2},
pages={416--446},
year={2019},
publisher={Wiley Online Library},
doi = {10.1002/rob.21831},
issn = {15564959},
url = {http://doi.wiley.com/10.1002/rob.21831}
}
@techreport{Lavalle1998,
title={Rapidly-exploring random trees: A new tool for path planning},
author={LaValle, Steven M},
year={1998},
publisher={Citeseer},
url = {http://citeseerx.ist.psu.edu/viewdoc/summary?doi=10.1.1.35.1853}
}
@inproceedings{Leishman2012relative,
  title={Relative navigation and control of a hexacopter},
  author={Leishman, Robert and Macdonald, John and McLain, Tim and Beard, Randy},
  booktitle={2012 IEEE International Conference on Robotics and Automation},
  pages={4937--4942},
  year={2012},
  organization={IEEE}
}
@article{Leishman2014relative,
  title={Relative navigation approach for vision-based aerial GPS-denied navigation},
  author={Leishman, Robert C and McLain, Timothy W and Beard, Randal W},
  journal={Journal of Intelligent \& Robotic Systems},
  volume={74},
  number={1-2},
  pages={97--111},
  year={2014},
  publisher={Springer}
}
@article{Leishman2014multiplicative,
  title={Multiplicative extended Kalman filter for relative rotorcraft navigation},
  author={Leishman, Robert C and McLain, Timothy W},
  journal={Journal of Aerospace Information Systems},
  volume={12},
  number={12},
  pages={728--744},
  year={2014},
  publisher={American Institute of Aeronautics and Astronautics}
}
@techreport{Luotsinen2004,
title={Collaborative UAV exploration of hostile environments},
author={Luotsinen, Linus J and Gonzalez, Avelino J and B{\"o}l{\"o}ni, Ladislau},
year={2004},
institution={UNIVERSITY OF CENTRAL FLORIDA ORLANDO DEPT OF ELECTRICAL ENGINEERING},
url = {http://www.dtic.mil/docs/citations/ADA432922}
}
@article{Martin2015,
title={Evolutionary view planning for optimized UAV terrain modeling in a simulated environment},
author={Martin, Ronald and Rojas, Ivan and Franke, Kevin and Hedengren, John},
journal={Remote Sensing},
volume={8},
number={1},
pages={26},
year={2016},
publisher={Multidisciplinary Digital Publishing Institute},
doi = {10.3390/rs8010026},
issn = {2072-4292},
url = {http://www.mdpi.com/2072-4292/8/1/26}
}
@inproceedings{Mangelson2018,
title={Pairwise consistent measurement set maximization for robust multi-robot map merging},
author={Mangelson, Joshua G and Dominic, Derrick and Eustice, Ryan M and Vasudevan, Ram},
booktitle={2018 IEEE International Conference on Robotics and Automation (ICRA)},
pages={2916--2923},
year={2018},
organization={IEEE},
isbn = {9781538630808},
url = {http://robots.engin.umich.edu/{~}joshuagm/pubs/jmangelson-2018a.pdf},
}
@article{Michael2012,
title={Collaborative mapping of an earthquake-damaged building via ground and aerial robots},
author={Michael, Nathan and Shen, Shaojie and Mohta, Kartik and Mulgaonkar, Yash and Kumar, Vijay and Nagatani, Keiji and Okada, Yoshito and Kiribayashi, Seiga and Otake, Kazuki and Yoshida, Kazuya and others},
journal={Journal of Field Robotics},
volume={29},
number={5},
pages={832--841},
year={2012},
publisher={Wiley Online Library},
doi = {10.1002/rob.21436},
issn = {15564959},
url = {http://doi.wiley.com/10.1002/rob.21436}
}
@book{Nilsson2011,
title = {The quest for artificial intelligence: A history of ideas and achievements},
author = {Nilsson, Nils J},
address = {Cambridge, MA},
doi = {10.1017/CBO9780511819346},
isbn = {9780511819346},
pages = {1--562},
publisher = {Cambridge University Press},
url = {http://www.cambridge.org/us/0521122937http://www.cambridge.org/us/0521122937http://www.cambridge.org/us/0521122937},
year = {2009}
}
@book{Parkinson2019,
title = {Optimization-based design version 3.2},
author = {Parkinson, Alan R},
publisher = {BYU Academic Publishing},
year = {2019}
}
@article{Saeedi2016,
title={Multiple-robot simultaneous localization and mapping: A review},
author={Saeedi, Sajad and Trentini, Michael and Seto, Mae and Li, Howard},
journal={Journal of Field Robotics},
volume={33},
number={1},
pages={3--46},
year={2016},
publisher={Wiley Online Library},
doi = {10.1002/rob.21620},
issn = {15564959},
url = {http://doi.wiley.com/10.1002/rob.21620}
}
@inproceedings{Schmuck2017,
title={Multi-UAV collaborative monocular SLAM},
author={Schmuck, Patrik and Chli, Margarita},
booktitle={2017 IEEE International Conference on Robotics and Automation (ICRA)},
pages={3863--3870},
year={2017},
organization={IEEE},
doi = {10.1109/ICRA.2017.7989445},
isbn = {9781509046331},
issn = {10504729},
url = {http://ieeexplore.ieee.org/document/7989445/},
}
@article{Siebert2014,
title={Mobile 3D mapping for surveying earthwork projects using an unmanned aerial vehicle (UAV) system},
author={Siebert, Sebastian and Teizer, Jochen},
journal={Automation in construction},
volume={41},
pages={1--14},
year={2014},
publisher={Elsevier},
doi = {10.1016/J.AUTCON.2014.01.004},
issn = {0926-5805},
url = {https://www.sciencedirect.com/science/article/pii/S0926580514000193}
}
@article{Sipahioglu2010,
title={Energy constrained multi-robot sensor-based coverage path planning using capacitated arc routing approach},
author={Sipahioglu, Aydin and Kirlik, Gokhan and Parlaktuna, Osman and Yazici, Ahmet},
journal={Robotics and Autonomous Systems},
volume={58},
number={5},
pages={529--538},
year={2010},
publisher={Elsevier},
doi = {10.1016/J.ROBOT.2010.01.005},
issn = {0921-8890},
url = {https://www.sciencedirect.com/science/article/pii/S0921889010000060}
}
@book{Thrun,
title={Probabilistic robotics},
author={Thrun, Sebastian and Burgard, Wolfram and Fox, Dieter},
year={2005},
publisher={MIT press},
isbn = {9780262201629},
pages = {647},
url = {https://mitpress.mit.edu/books/probabilistic-robotics}
}
@article{Thrun2006,
title={The graph SLAM algorithm with applications to large-scale mapping of urban structures},
author={Thrun, Sebastian and Montemerlo, Michael},
journal={The International Journal of Robotics Research},
volume={25},
number={5-6},
pages={403--429},
year={2006},
publisher={SAGE Publications},
doi = {10.1177/0278364906065387},
issn = {0278-3649},
url = {http://journals.sagepub.com/doi/10.1177/0278364906065387}
}
@misc{Weisstein,
title = {Laplacian Matrix},
journal = {From MathWorld--A Wolfram Web Resource. http://mathworld.wolfram.com/LaplacianMatrix.html},
author = {Weisstein, Eric W.},
publisher = {Wolfram Research, Inc.},
url = {http://mathworld.wolfram.com/LaplacianMatrix.html},
urldate = {2019-05-15}
}
@article{Wheeler2017,
title={Relative navigation of autonomous GPS-degraded micro air vehicles},
author={Wheeler, David O and Koch, Daniel P and Jackson, James S and Ellingson, Gary J and Nyholm, Paul W and McLain, Timothy W and Beard, Randal W},
year={2017},
journal = {All Faculty Publications},
url = {https://scholarsarchive.byu.edu/facpub/1962}
}
@article{Wheeler2018,
title={Relative navigation: A keyframe-based approach for observable GPS-degraded navigation},
author={Wheeler, David O and Koch, Daniel P and Jackson, James S and McLain, Timothy W and Beard, Randal W},
journal={IEEE Control Systems Magazine},
volume={38},
number={4},
pages={30--48},
year={2018},
publisher={IEEE},
doi = {10.1109/MCS.2018.2830079},
url = {https://scholarsarchive.byu.edu/facpubhttps://scholarsarchive.byu.edu/facpub/1961}
}
@article{Yang2016,
title={Survey of robot 3D path planning algorithms},
author={Yang, Liang and Qi, Juntong and Song, Dalei and Xiao, Jizhong and Han, Jianda and Xia, Yong},
journal={Journal of Control Science and Engineering},
volume={2016},
pages={5},
year={2016},
publisher={Hindawi Publishing Corp.},
doi = {10.1155/2016/7426913},
issn = {1687-5249},
url = {http://www.hindawi.com/journals/jcse/2016/7426913/}
}
@article{Yakoubi2016,
title={The path planning of cleaner robot for coverage region using genetic algorithms},
author={Yakoubi, Mohamed Amine and Laskri, Mohamed Tayeb},
journal={Journal of innovation in digital ecosystems},
volume={3},
number={1},
pages={37--43},
year={2016},
publisher={Elsevier},
doi = {10.1016/J.JIDES.2016.05.004},
issn = {2352-6645},
url = {https://www.sciencedirect.com/science/article/pii/S2352664516300050{\#}br000025}
}
@article{Zou2013,
title={CoSLAM: Collaborative visual SLAM in dynamic environments},
author={Zou, Danping and Tan, Ping},
journal={IEEE transactions on pattern analysis and machine intelligence},
volume={35},
number={2},
pages={354--366},
year={2012},
publisher={IEEE},
doi = {10.1109/TPAMI.2012.104},
isbn = {2011100712},
issn = {01628828},
pmid = {22547430},
url = {http://ieeexplore.ieee.org/document/6193110/},
}

@misc{Benewake,
title = {Product Manual of TFmini},
author = {Benewake},
url = {http://benewake.com/en/mfeedback.html}
}
@misc{Forooghi,
title = {F4 Advanced Flight Controller - (MPU6000, STM32F405)},
author = {Forooghi, Bob},
url = {https://www.getfpv.com/f4-advanced-flight-controller.html?utm{\_}source=google{\&}utm{\_}medium=cpc{\&}adpos=1o3{\&}scid=scplp6388{\&}sc{\_}intid=6388{\&}gclid=CjwKCAjwqZPrBRBnEiwAmNJsNsSbKKbqTx1YTMvuMzLldWjM3RDi7l3ISKFhygt0IM0Q0D6TRqyI6hoCj4MQAvD{\_}BwE},
urldate = {2019-08-27}
}
@misc{Gigabyte,
title = {GB-BRi7-8550 (rev. 1.0) | Mini-PC Barebone (BRIX) - GIGABYTE U.S.A.},
author = {Gigabyte},
url = {https://www.gigabyte.com/us/Mini-PcBarebone/GB-BRi7-8550-rev-10{\#}ov},
urldate = {2019-08-28}
}
/@misc{Intel,
title = {Intel{\textregistered} RealSense™ Depth Camera D435 - Intel{\textregistered} RealSense™ Depth Cameras},
author = {Intel},
url = {https://click.intel.com/intelr-realsensetm-depth-camera-d435.html},
urldate = {2018-06-18}
}
@misc{OSRF,
title = {Gazebo},
author = {OSRF},
url = {http://gazebosim.org/},
urldate = {2019-08-22}
}
@misc{OSRFa,
title = {ROS.org | Powering the world's robots},
author = {OSRF},
url = {https://www.ros.org/},
urldate = {2019-08-27}
}
@misc{Slamtec,
title = {RPLIDAR A2 - Slamtec - Leading Service Robot Localization and Navigation Solution Provider},
author = {Slamtec},
url = {https://www.slamtec.com/en/Lidar/A2},
urldate = {2018-06-18}
}
@misc{Ubiquiti,
title = {Ubiquiti - Bullet™ AC},
author = {Ubiquiti},
url = {https://www.ui.com/airmax/bullet-ac/},
urldate = {2019-08-28}
}
@misc{Ubiquitia,
title = {Ubiquiti - Rocket{\textregistered} AC},
author = {Ubiquiti},
url = {https://www.ui.com/airmax/rocket-ac/},
urldate = {2019-08-28}
}
/@misc{Velodyne,
title = {VLP-16 Velodyne LiDAR},
author = {Velodyne},
url = {http://velodynelidar.com/vlp-16.html},
urldate = {2018-06-18}
}
